
@article {EKo10,
author = {Eick, Bettina and Konovalov, Alexander},
title = {The modular isomorphism problem for the groups of order $2^9$},
journal = {In Proceedings of 'Groups St. Andrews' 2009},
year = {2011}}

@article {Eic11,
author = {Eick, Bettina},
title = {A nilpotent quotient algorithm for finitely presented associative
algebras and algebras satisfying a polynomial identity},
journal = {Accepted for IJAC},
year = {2011}}

@article {Eic07,
    AUTHOR = {Eick, Bettina},
     TITLE = {Computing automorphism groups and testing isomorphisms for
              modular group algebras},
   JOURNAL = {J. Algebra},
  FJOURNAL = {Journal of Algebra},
    VOLUME = {320},
      YEAR = {2008},
    NUMBER = {11},
     PAGES = {3895--3910},
      ISSN = {0021-8693},
     CODEN = {JALGA4},
   MRCLASS = {16S34 (20C05)},
  MRNUMBER = {MR2464798} }

@article {Des56,
    AUTHOR = {Deskins, W. E.},
     TITLE = {Finite {A}belian groups with isomorphic group algebras},
   JOURNAL = {Duke Math. J.},
  FJOURNAL = {Duke Mathematical Journal},
    VOLUME = {23},
      YEAR = {1956},
     PAGES = {35--40}}

@article {PS72,
    AUTHOR = {Passi, Inder Bir S. and Sehgal, Sudarshan K.},
     TITLE = {Isomorphism of modular group algebras},
   JOURNAL = {Math. Z.},
  FJOURNAL = {Mathematische Zeitschrift},
    VOLUME = {129},
      YEAR = {1972},
     PAGES = {65--73}}

@article {San96,
    AUTHOR = {Sandling, Robert},
     TITLE = {The modular group algebra problem for metacyclic {$p$}-groups},
   JOURNAL = {Proc. Amer. Math. Soc.},
  FJOURNAL = {Proceedings of the American Mathematical Society},
    VOLUME = {124},
      YEAR = {1996},
    NUMBER = {5},
     PAGES = {1347--1350}}

@article {SS96,
    AUTHOR = {Salim, Mohamed A. M. and Sandling, Robert},
     TITLE = {The modular group algebra problem for groups of order {$p\sp 5$}},
   JOURNAL = {J. Austral. Math. Soc. Ser. A},
  FJOURNAL = {Australian Mathematical Society. Journal. Series A. Pure
              Mathematics and Statistics},
    VOLUME = {61},
      YEAR = {1996},
    NUMBER = {2},
     PAGES = {229--237}}

@article {Wur93,
    AUTHOR = {Wursthorn, Martin},
     TITLE = {Isomorphisms of modular group algebras: an algorithm and its
              application to groups of order {$2\sp 6$}},
   JOURNAL = {J. Symbolic Comput.},
  FJOURNAL = {Journal of Symbolic Computation},
    VOLUME = {15},
      YEAR = {1993},
    NUMBER = {2},
     PAGES = {211--227}}

@article {RS93,
    AUTHOR = {Roggenkamp, K. W. and Scott, L. L.},
     TITLE = {Automorphisms and nonabelian cohomology: an algorithm},
   JOURNAL = {Linear Algebra Appl.},
  FJOURNAL = {Linear Algebra and its Applications},
    VOLUME = {192},
      YEAR = {1993},
     PAGES = {355--382}}

@incollection {BKRW99,
    AUTHOR = {Bleher, Frauke M. and Kimmerle, Wolfgang and Roggenkamp, Klaus
              W. and Wursthorn, Martin},
     TITLE = {Computational aspects of the isomorphism problem},
 BOOKTITLE = {Algorithmic algebra and number theory (Heidelberg, 1997)},
     PAGES = {313--329},
 PUBLISHER = {Springer},
   ADDRESS = {Berlin},
      YEAR = {1999}}

cle{Dad71,
    author  ={E.C. Dade},
    title   ={Deux groupes finis distincts ayant la meme algebre de
              groupe sur tout corps},
    journal ={Math. Z.},
    volume  ={119},
    year    ={1971},
    pages   ={345 -- 348}}

@article{Her95,
    author  ={Martin Hertweck},
    title   ={A solution to the integral Isomorphism Problem},
    journal ={Ann. of Math.},
    volume  ={154},
    year    ={2001},
    pages   ={115 -- 138}}

@article {RSc87,
    AUTHOR = {Roggenkamp, Klaus and Scott, Leonard},
     TITLE = {Isomorphisms of {$p$}-adic group rings},
   JOURNAL = {Ann. of Math. (2)},
  FJOURNAL = {Annals of Mathematics. Second Series},
    VOLUME = {126},
      YEAR = {1987},
    NUMBER = {3},
     PAGES = {593--647},
      ISSN = {0003-486X},
     CODEN = {ANMAAH},
   MRCLASS = {20C05 (16A26)},
  MRNUMBER = {MR916720 (89b:20021)},
MRREVIEWER = {Surinder K. Sehgal},
}


