



@misc{ ctbllib,
  author =           {Breuer, T.},
  title =            {{CTblLib. The GAP Character Table Library}, v1.2.2},
  howpublished =     {\href          {http://www.gap-system.org/Packages/ctbllib.html}
                      {\texttt{http://www.gap-system.org/}\discretionary
                      {}{}{}\texttt{Packages/}\discretionary
                      {}{}{}\texttt{ctbllib.html}}},
  printedkey =       {Bre}
}
@misc{ Maas2011,
  author =           {Maas, L.},
  title =            {{Modular spin characters of symmetric groups}},
  year =             {2011},
  note =             {\href
                      {http://duepublico.uni-duisburg-essen.de/servlets/DerivateServlet/Derivate-29235/thesis.pdf}
                      {\texttt{http://duepublico.uni-duisburg-essen.de/}\discretionary
                      {}{}{}\texttt{servlets/}\discretionary
                      {}{}{}\texttt{DerivateServlet/}\discretionary
                      {}{}{}\texttt{Derivate-29235/}\discretionary
                      {}{}{}\texttt{thesis.pdf}}},
  howpublished =     {University of Duisburg--Essen},
  printedkey =       {Maa11}
}
@misc{ Noeske2002,
  author =           {Noeske, F.},
  title =            {{Zur    Darstellungstheorie    der    Schurschen   Erweiterungen
                      symmetrischer Gruppen}},
  year =             {2002},
  note =             {\href     {http://www.math.rwth-aachen.de/~Felix.Noeske/2Sn.pdf}
                      {\texttt{http://www.math.rwth-aachen.de/}\discretionary
                      {}{}{}\texttt{\texttt{\symbol{126}}Felix.Noeske/}\discretionary
                      {}{}{}\texttt{2Sn.pdf}}},
  howpublished =     {RWTH Aachen University},
  printedkey =       {Noe02}
}
