



@article{ MR1836930,
  author =           {Bailey, D. H. and Broadhurst, D. J.},
  title =            {Parallel  integer  relation  detection: techniques and
                      applications},
  journal =          {Math. Comp.},
  volume =           {70},
  number =           {236},
  year =             {2001},
  pages =            {1719--1736 (electronic)},
  coden =            {MCMPAF},
  fjournal =         {Mathematics of Computation},
  issn =             {0025-5718},
  mrclass =          {11Y16},
  mrnumber =         {1836930 (2002b:11174)},
  mrreviewer =       {David Bradley},
  url =              {http://dx.doi.org/10.1090/S0025-5718-00-01278-3},
  doi =              {10.1090/S0025-5718-00-01278-3},
  printedkey =       {BB01}
}
