
@article{Cav86,
author          = "A.~Cavicchioli",
title           = "A countable class of non-homeomorphic homology spheres
                   with {H}eegard genus 2",
journal         = "Geometria Dedicata",
volume          = "20",
pages           = "345--348",
year            = "1986",
}

@mastersthesis{Ban56,
author          = "P.~A.~Bandler",
title           = "A method for enumerating the cosets of an abstract group
                   on a digital computer",
type            = "M.~{A}.~thesis",
year            = "1956",
school          = "University of Manchester",
}

@article{Fel61,
author          = "H.~Felsch",
title           = "Programmierung der {R}estklassenabz{\accent127 a}hlung
                   einer {G}ruppe nach {U}ntergruppen", 
journal         = "Nu\-me\-ri\-sche Mathematik",
volume          = "3",
pages           = "250--256",
year            = "1961",
}


@article{CDHW73,
author          = "J.~J.~Cannon
                   and L.~A.~Dimino
                   and G.~Havas
                   and J.~M.~Watson",
title           = "Implementation and analysis of the {T}odd-{C}oxeter
                   algorithm",
journal         = "Mathematics of Computation",
volume          = "27",
pages           = "463--490",
year            = "1973",
}

@inproceedings{Lee84,
author          = "J.~Leech",
title           = "Coset enumeration",
crossref        = "Durham1982",
pages           = "3--18",
}

@mastersthesis{Ede89,
author          = "M.~Edeson",
title           = "Investigations in coset enumeration",
type            = "M.~{A}.~thesis",
year            = "1989",
school          = "Canberra College of Advanced Education, since 1990
                   University of Canberra",
}

@article{Neu79,
author          = "B.~H.~Neumann",
title           = "Proofs",
journal         = "The mathematical intelligencer",
volume          = "2",
pages           = "18--19",
year            = "1979",
}

