%%%%%%%%%%%%%%%%%%%%%%%%%%%%%%%%%%%%%%%%%%%%%%%%%%%%%%%%%%%%%%%%%%%%%%%%%
%%
%W  manual.bib              ANUPQ documentation             Werner Nickel
%%
%%
%H  $Id$
%%
%%  manual.bib - BibTeX database file of ANUPQ references

@ARTICLE{NNN98,
    AUTHOR = {Newman, M. F. and Nickel, Werner and Niemeyer, Alice C.},
     TITLE = {Descriptions of groups of prime-power order},
   JOURNAL = {J. Symbolic Comput.},
  FJOURNAL = {Journal of Symbolic Computation},
    VOLUME = {25},
      YEAR = {1998},
    NUMBER = {5},
     PAGES = {665--682},
      ISSN = {0747-7171},
   MRCLASS = {20F05 (68Q40)},
  MRNUMBER = {99f:20054},
MRREVIEWER = {Michael C. Slattery},
}

@article{LGS90,
    AUTHOR = {Leedham-Green, C. R. and Soicher, L. H.},
     TITLE = {Collection from the left and other strategies},
      NOTE = {Computational group theory, Part 1},
   JOURNAL = {J. Symbolic Comput.},
  FJOURNAL = {Journal of Symbolic Computation},
    VOLUME = {9},
      YEAR = {1990},
    NUMBER = {5-6},
     PAGES = {665--675},
}

%%%%%%%%%%%%%%%%%%%%%%%%%%%%%%%%%%%%%%%%%%%%%%%%%%%%%%%%%%%%%%%%%%%%%%%%%
%%
%E
