@article{ALi07,
AUTHOR = {B. Assmann and S. Linton},
TITLE = {Using the {Mal'cev} correspondence for collection in polycyclic groups},
JOURNAL = {Journal of Algebra},
YEAR = {2007}
},

@mastersthesis{Eic01,
AUTHOR = {Bettina Eick},
TITLE = {Algorithms for polycyclic groups},
SCHOOL = {Habilitationsschrift, Gesamthochschule Kassel},
YEAR = {2001}
},

@article{Geb02,
AUTHOR = {V. Gebhardt},
TITLE = {Efficient collection in infinite polycyclic groups},
JOURNAL = {Journal of Symbolic Computation},
VOLUME = {34},
NUMBER = {3},
PAGES = {213--228}, 
YEAR = {2002}
},

@article{LGS90,
AUTHOR = {C. R. Leedham-Green and L. H. Soicher},
TITLE = {Collection from the left and other strategies},
JOURNAL = {Journal of Symbolic Computation},
VOLUME = {9},
PAGES = {665 -- 675},
YEAR = {1990}
},

@article{Mal51,
AUTHOR = {A. J. Mal'cev},
TITLE = {On certain classes of infinite soluble groups},
JOURNAL = {Mat. Sb.},
VOLUME = {28},
PAGES = {567 -- 588},
YEAR = {1951}
}

@book{Seg83,
AUTHOR = {D. Segal},
TITLE = {Polycyclic Groups},
PUBLISHER = {Cambridge University Press, Cambridge},
YEAR = {1983}
}

@article{VLe90,
AUTHOR = {M. Vaughan-Lee},
TITLE = {Collection from the left},
JOURNAL = {Journal of Symbolic Computation},
VOLUME = {9},
PAGES = {725--733},
YEAR = {1990}
}

@misc{EN00,
TITLE = {Polycyclic},
AUTHOR = {Bettina Eick and Werner Nickel},
HOWPUBLISHED = {A GAP 4 package},
}

@misc{GAP04,
AUTHOR = {The GAP Group}
TITLE = {GAP -- Groups, Algorithms, and Programming, Version 4.4},
YEAR = {2004},
HOWPUBLISHED = {http://www.gap-system.org}
}

