@manual{DelgadoEgri-NagyMitchellPfeiffer2012-Viz,
  title = {Viz - a GAP package for drawing GAP objects},
  author = {Delgado, M. and Egri-Nagy, A. and Mitchell, J.~D. and Pfeiffer, M.},
  year = {2012},
  note = {Under development},
  url = {https://bitbucket.org/zen154115/viz}
}
@manual{DelgadoLintonMorais:automata,
  title = {Automata -- a {GAP} package on automata},
  author = {Delgado, M. and Linton, S. and Morais, J.},
  note = {Version number 1.12},
  url = {http://www.gap-system.org/Packages/automata.html}
}
@manual{DelgadoGarcia-SanchezMorais:numericalsgps,
  title = {NumericalSgps -- a {GAP} package for numerical semigroups},
  author = {Delgado, M. and P. A. García-Sánchez and Morais, J.},
  month = {June},
  year = {2015},
  note = {Version number 1.0},
  url = {http://www.gap-system.org/Packages/numericalsgps.html}
}
@manual{DelgadoMorais:sgpviz,
  title = {SgpViz -- a user-friendly {GAP} package to deal with semigroups},
  author = {Delgado, M. and Morais, J.},
  month = {May},
  year = {2008},
  note = {Version number 0.998},
  url = {http://www.gap-system.org/Packages/sgpviz.html}
}
@Article{fengraoab,
   AUTHOR = {Delgado, Manuel and Farrán, José I. and
              García-Sánchez, Pedro A. and Llena, David},
     TITLE = {On the weight hierarchy of codes coming from semigroups with
              two generators},
   JOURNAL = {IEEE Trans. Inform. Theory},
  FJOURNAL = {Institute of Electrical and Electronics Engineers.
              Transactions on Information Theory},
    VOLUME = {60},
      YEAR = {2014},
    NUMBER = {1},
     PAGES = {282--295},
      ISSN = {0018-9448},
   MRCLASS = {94B27},
  MRNUMBER = {3150926},
MRREVIEWER = {Felice Manganiello},
       DOI = {10.1109/TIT.2013.2285217},
       URL = {http://dx.doi.org/10.1109/TIT.2013.2285217},
}
@article{DGSRP15,
   author = {Delgado, M. and García-Sánchez, P.~A. and Robles-Pérez, A.~M.
	},
    title = "{Numerical semigroups with a given set of pseudo-Frobenius numbers}",
  journal = {ArXiv e-prints},
archivePrefix = "arXiv",
   eprint = {1505.08111},
 primaryClass = "math.AC",
 keywords = {Mathematics - Commutative Algebra, Mathematics - Combinatorics, 11D07, 20M14, 20-04},
     year = 2015,
    month = may,
   adsurl = {http://adsabs.harvard.edu/abs/2015arXiv150508111D},
  adsnote = {Provided by the SAO/NASA Astrophysics Data System}
}
