



@article{ BrHe,
  author =           {Brown, R. and Heyworth, A.},
  title =            {Using rewriting systems to compute left Kan extensions
                      and induced actions of categories},
  journal =          {J. Symbolic Comput.},
  volume =           {29},
  year =             {2000},
  pages =            {5{\textendash}31},
  printedkey =       {BH00}
}
@article{ BrGhHeWe,
  author =           {Brown,  R. and Ghani, N. and Heyworth, A. and Wensley,
                      C. D.},
  title =            {String rewriting systems for double coset systems},
  journal =          {J. Symbolic Comput.},
  volume =           {41},
  year =             {2006},
  pages =            {573{\textendash}590},
  printedkey =       {BGHW06}
}
@phdthesis{ anne-thesis,
  author =           {Heyworth, A.},
  title =            {Applications  of  {R}ewriting {S}ystems and {G}roebner
                      Bases    to   {C}omputing   {K}an   {E}xtensions   and
                      {I}dentities {A}mong {R}elations},
  school =           {University of Wales, Bangor},
  year =             {1999},
  note =             {\href
                      {http://www.maths.bangor.ac.uk/research/ftp/theses/heyworth.ps.gz}
                      {\texttt{http://www.maths.bangor.ac.uk/}\discretionary
                      {}{}{}\texttt{research/}\discretionary
                      {}{}{}\texttt{ftp/}\discretionary
                      {}{}{}\texttt{theses/}\discretionary
                      {}{}{}\texttt{heyworth.ps.gz}}},
  printedkey =       {Hey99}
}
@article{ SteveL,
  author =           {Linton, S.},
  title =            {Double coset enumeration},
  journal =          {J. Symbolic Comput.},
  volume =           {12},
  year =             {1991},
  pages =            {415{\textendash}426},
  printedkey =       {Lin91}
}
