



@article{ AlWe,
  author =           {Alp, M. and Wensley, C. D.},
  title =            {Automorphisms  and  homotopies  of groupoids and crossed
                      modules},
  journal =          {Applied Categorical Structures},
  volume =           {18},
  year =             {2010},
  pages =            {473{\textendash}495},
  printedkey =       {AW10}
}
@book{ BrTop,
  author =           {Brown, R.},
  title =            {Topology:  a  geometric  account  of  general  topology,
                      homotopy types, and the fundamental groupoid},
  publisher =        {Ellis Horwood, Chichester},
  year =             {1988},
  printedkey =       {Bro88}
}
@book{ BrTopGpd,
  author =           {Brown, R.},
  title =            {Topology and groupoids},
  publisher =        {Booksurge LLC, S.Carolina},
  year =             {2006},
  printedkey =       {Bro06}
}
@article{ BrMoPoWe,
  author =           {Brown,  R.  and Moore, E. J. and Porter, T. and Wensley,
                      C. D.},
  title =            {Crossed  complexes,  and  free  crossed  resolutions for
                      amalgamated sums and HNN-extensions of groups},
  journal =          {Georgian Math. J.},
  volume =           {9},
  year =             {2002},
  pages =            {623{\textendash}644},
  printedkey =       {BMPW02}
}
@book{ HiGpd,
  author =           {Higgins, P.},
  title =            {Categories and groupoids},
  publisher =        {Reprints in Theory and Applications of Categories},
  year =             {2005},
  pages =            {1{\textendash}195},
  note =             {\href
                      {http://www.tac.mta.ca/tac/reprints/articles/7/tr7abs.html}
                      {\texttt{http://www.tac.mta.ca/}\discretionary
                      {}{}{}\texttt{tac/}\discretionary
                      {}{}{}\texttt{reprints/}\discretionary
                      {}{}{}\texttt{articles/}\discretionary
                      {}{}{}\texttt{7/}\discretionary
                      {}{}{}\texttt{tr7abs.html}}},
  printedkey =       {Hig05}
}
@article{ HiJLMS,
  author =           {Higgins, P.},
  title =            {The fundamental groupoid of a graph of groups},
  journal =          {J. London Math. Soc.},
  volume =           {13},
  year =             {1976},
  pages =            {145{\textendash}149},
  printedkey =       {Hig76}
}
@phdthesis{ emma-thesis,
  author =           {Moore, E. J.},
  title =            {Graphs  of  Groups:  Word  Computations and Free Crossed
                      Resolutions},
  school =           {University of Wales, Bangor},
  year =             {2001},
  note =             {\href
                      {http://www.maths.bangor.ac.uk/research/ftp/theses/moore.ps.gz}
                      {\texttt{http://www.maths.bangor.ac.uk/}\discretionary
                      {}{}{}\texttt{research/}\discretionary
                      {}{}{}\texttt{ftp/}\discretionary
                      {}{}{}\texttt{theses/}\discretionary
                      {}{}{}\texttt{moore.ps.gz}}},
  printedkey =       {Moo01}
}
@book{ Serre,
  author =           {Serre, J.},
  title =            {Trees},
  publisher =        {Springer-Verlag, Berlin},
  year =             {1980},
  printedkey =       {Ser80}
}
