%% This BibTeX bibliography file was created using BibDesk.
%% http://bibdesk.sourceforge.net/


%% Created for James Mitchell at 2014-09-15 10:51:28 +0100 


%% Saved with string encoding Unicode (UTF-8) 



@article{Gabow2000aa,
	Author = {Harold N. Gabow},
	Date-Added = {2014-09-15 09:28:26 +0000},
	Date-Modified = {2014-09-15 09:28:40 +0000},
	Doi = {http://dx.doi.org/10.1016/S0020-0190(00)00051-X},
	Issn = {0020-0190},
	Journal = {Information Processing Letters},
	Keywords = {Algorithms},
	Number = {3{\^a}â‚¬``4},
	Pages = {107 - 114},
	Title = {Path-based depth-first search for strong and biconnected components},
	Url = {http://www.sciencedirect.com/science/article/pii/S002001900000051X},
	Volume = {74},
	Year = {2000},
	Bdsk-Url-1 = {http://www.sciencedirect.com/science/article/pii/S002001900000051X},
	Bdsk-Url-2 = {http://dx.doi.org/10.1016/S0020-0190(00)00051-X},
	Bdsk-File-1 = {YnBsaXN0MDDUAQIDBAUGJCVYJHZlcnNpb25YJG9iamVjdHNZJGFyY2hpdmVyVCR0b3ASAAGGoKgHCBMUFRYaIVUkbnVsbNMJCgsMDxJXTlMua2V5c1pOUy5vYmplY3RzViRjbGFzc6INDoACgAOiEBGABIAFgAdccmVsYXRpdmVQYXRoWWFsaWFzRGF0YV8QTS4uLy4uLy4uLy4uLy4uLy4uL1ZvbHVtZXMvR29vZ2xlRHJpdmUvRmlsZWQvMS1zMi4wLVMwMDIwMDE5MDAwMDAwNTFYLW1haW4ucGRm0hcLGBlXTlMuZGF0YU8RAY4AAAAAAY4AAgAAC0dvb2dsZURyaXZlAAAAAAAAAAAAAAAAAAAAAAAAAABCRAAB/////x8xLXMyLjAtUzAwMjAwMTkwMDAjRkZGRkZGRkYucGRmAAAAAAAAAAAAAAAAAAAAAAAAAAAAAAAAAAAAAAAAAAD/////AAAAAAAAAAAAAAAA/////wAAEgBjdQAAAAAAAAAAAAAAAAAFRmlsZWQAAAIAPS86Vm9sdW1lczpHb29nbGVEcml2ZTpGaWxlZDoxLXMyLjAtUzAwMjAwMTkwMDAwMDA1MVgtbWFpbi5wZGYAAA4ARAAhADEALQBzADIALgAwAC0AUwAwADAAMgAwADAAMQA5ADAAMAAwADAAMAAwADUAMQBYAC0AbQBhAGkAbgAuAHAAZABmAA8AGAALAEcAbwBvAGcAbABlAEQAcgBpAHYAZQASACgvRmlsZWQvMS1zMi4wLVMwMDIwMDE5MDAwMDAwNTFYLW1haW4ucGRmABMAFC9Wb2x1bWVzL0dvb2dsZURyaXZl//8AAIAG0hscHR5aJGNsYXNzbmFtZVgkY2xhc3Nlc11OU011dGFibGVEYXRhox0fIFZOU0RhdGFYTlNPYmplY3TSGxwiI1xOU0RpY3Rpb25hcnmiIiBfEA9OU0tleWVkQXJjaGl2ZXLRJidUcm9vdIABAAgAEQAaACMALQAyADcAQABGAE0AVQBgAGcAagBsAG4AcQBzAHUAdwCEAI4A3gDjAOsCfQJ/AoQCjwKYAqYCqgKxAroCvwLMAs8C4QLkAukAAAAAAAACAQAAAAAAAAAoAAAAAAAAAAAAAAAAAAAC6w==}}

@unpublished{Araujo2014aa,
	Author = {Ara{{\'u}}jo, J. and Bentz, W. and Mitchell, J. D. and Schneider, Csaba},
	Date-Added = {2014-03-06 11:49:01 +0000},
	Date-Modified = {2014-03-06 11:52:50 +0000},
	Month = {March},
	Note = {in preparation},
	Title = {The rank of the semigroup of transformations stabilising a partition of a finite set},
	Year = {2014}}

@article{Fitzgerald1998aa,
	Added-At = {2010-10-02T18:22:22.000+0200},
	Author = {Fitzgerald, D.G. and Leech, J.},
	Biburl = {http://www.bibsonomy.org/bibtex/278942930ec4a7c2507f499f7a8a71d40/brouder},
	Date-Added = {2014-01-15 12:37:36 +0000},
	Date-Modified = {2014-01-15 12:37:42 +0000},
	Interhash = {9d7014a1899c9d09e25b6ab3cb33ec88},
	Intrahash = {78942930ec4a7c2507f499f7a8a71d40},
	Journal = {J. Austral. Math. Soc. A},
	Keywords = {imported},
	Pages = {345-67},
	Timestamp = {2010-10-02T18:22:22.000+0200},
	Title = {Dual symmetric inverse monoids and representation theory},
	Volume = 64,
	Year = 1998,
	Bdsk-File-1 = {YnBsaXN0MDDUAQIDBAUGJCVYJHZlcnNpb25YJG9iamVjdHNZJGFyY2hpdmVyVCR0b3ASAAGGoKgHCBMUFRYaIVUkbnVsbNMJCgsMDxJXTlMua2V5c1pOUy5vYmplY3RzViRjbGFzc6INDoACgAOiEBGABIAFgAdccmVsYXRpdmVQYXRoWWFsaWFzRGF0YV8QQi4uLy4uLy4uLy4uLy4uLy4uL1ZvbHVtZXMvR29vZ2xlRHJpdmUvRmlsZWQvUzE0NDY3ODg3MDAwMzkyMjdhLnBkZtIXCxgZV05TLmRhdGFPEQFiAAAAAAFiAAIAAAtHb29nbGVEcml2ZQAAAAAAAAAAAAAAAAAAAAAAAAAAQkQAAf////8WUzE0NDY3ODg3MDAwMzkyMjdhLnBkZgAAAAAAAAAAAAAAAAAAAAAAAAAAAAAAAAAAAAAAAAAAAAAAAAAAAAAA/////wAAAAAAAAAAAAAAAP////8AABIAY3UAAAAAAAAAAAAAAAAABUZpbGVkAAACADIvOlZvbHVtZXM6R29vZ2xlRHJpdmU6RmlsZWQ6UzE0NDY3ODg3MDAwMzkyMjdhLnBkZgAOAC4AFgBTADEANAA0ADYANwA4ADgANwAwADAAMAAzADkAMgAyADcAYQAuAHAAZABmAA8AGAALAEcAbwBvAGcAbABlAEQAcgBpAHYAZQASAB0vRmlsZWQvUzE0NDY3ODg3MDAwMzkyMjdhLnBkZgAAEwAUL1ZvbHVtZXMvR29vZ2xlRHJpdmX//wAAgAbSGxwdHlokY2xhc3NuYW1lWCRjbGFzc2VzXU5TTXV0YWJsZURhdGGjHR8gVk5TRGF0YVhOU09iamVjdNIbHCIjXE5TRGljdGlvbmFyeaIiIF8QD05TS2V5ZWRBcmNoaXZlctEmJ1Ryb290gAEACAARABoAIwAtADIANwBAAEYATQBVAGAAZwBqAGwAbgBxAHMAdQB3AIQAjgDTANgA4AJGAkgCTQJYAmECbwJzAnoCgwKIApUCmAKqAq0CsgAAAAAAAAIBAAAAAAAAACgAAAAAAAAAAAAAAAAAAAK0}}

@article{Graham1968aa,
	Author = {Graham, N. and Graham, R. and Rhodes, J.},
	Journal = {J. Combinatorial Theory},
	Pages = {203--209},
	Title = {Maximal subsemigroups of finite semigroups},
	Volume = {4},
	Year = {1968}}

@article{Schein1992aa,
	Author = {Schein, Boris M.},
	Journal = {Trans. Amer. Math. Soc.},
	Number = {2},
	Pages = {877--888},
	Title = {The minimal degree of a finite inverse semigroup},
	Volume = {333},
	Year = {1992}}

@unpublished{classification,
	Author = {Ara\'ujo, J. and Mitchell, J. D. and Schneider, Csaba},
	Month = {November},
	Note = {submitted for publication.},
	Title = {Groups that together with any transformation generate regular semigroups or idempotent generated semigroups},
	Year = {2009}}

@article{mazorchuk,
	Author = {Kudryavtseva, Ganna and Mazorchuk, Volodymyr},
	Journal = {Yokohama Math. J.},
	Number = {1},
	Pages = {21--46},
	Title = {On {K}iselman's semigroup},
	Volume = {55},
	Year = {2009}}

@article{largest,
	Author = {Gray, R. and Mitchell, J. D.},
	Journal = {Discrete Math.},
	Number = {20},
	Pages = {4801--4810},
	Title = {Largest subsemigroups of the full transformation monoid},
	Volume = {308},
	Year = {2008}}

@article{Araujo2010aa,
	Author = {Ara{\'u}jo, J. and B{\"u}nau, P. V. and Mitchell, J. D. and Neunh{\"o}ffer, M.},
	Date-Modified = {2014-04-04 14:50:18 +0000},
	Journal = {J. Symbolic Comput.},
	Number = {3},
	Pages = {373--392},
	Title = {Computing automorphisms of semigroups},
	Volume = {45},
	Year = {2010}}

@article{lallement,
	Author = {Lallement, G. and McFadden, R.},
	Fjournal = {Journal of Symbolic Computation},
	Issn = {0747-7171},
	Journal = {J. Symbolic Comput.},
	Mrclass = {20M20 (68Q45)},
	Mrnumber = {MR1087717 (91k:20076)},
	Mrreviewer = {Dominique Perrin},
	Number = {5},
	Pages = {481--498},
	Title = {On the determination of {G}reen's relations in finite transformation semigroups},
	Volume = {10},
	Year = {1990}}

@article{pfeiffer2,
	Author = {Linton, S. A. and Pfeiffer, G. and Robertson, E. F. and Ru{\v{s}}kuc, N.},
	Journal = {J. Symbolic Comput.},
	Number = {2},
	Pages = {145--162},
	Title = {Computing transformation semigroups},
	Volume = {33},
	Year = {2002}}

@article{pfeiffer1,
	Author = {Linton, S. A. and Pfeiffer, G. and Robertson, E. F. and Ru{\v{s}}kuc, N.},
	Journal = {Math. Z.},
	Number = {3},
	Pages = {435--450},
	Title = {Groups and actions in transformation semigroups},
	Volume = {228},
	Year = {1998}}

@book{howie,
	Address = {New York},
	Author = {Howie, John M.},
	Isbn = {0-19-851194-9},
	Mrclass = {20Mxx (20-02)},
	Mrnumber = {MR1455373 (98e:20059)},
	Note = {Oxford Science Publications},
	Pages = {x+351},
	Publisher = {The Clarendon Press Oxford University Press},
	Series = {London Mathematical Society Monographs. New Series},
	Title = {Fundamentals of semigroup theory},
	Volume = {12},
	Year = {1995}}

@article{gomes1,
	Author = {Gomes, Gracinda M. S. and Howie, John M.},
	Coden = {SMGFAN},
	Fjournal = {Semigroup Forum},
	Issn = {0037-1912},
	Journal = {Semigroup Forum},
	Mrclass = {20M20},
	Mrnumber = {MR1179851 (93h:20070)},
	Mrreviewer = {Inessa Levi},
	Number = {3},
	Pages = {272--282},
	Title = {On the ranks of certain semigroups of order-preserving transformations},
	Volume = {45},
	Year = {1992}}

@article{arthur1,
	Author = {Arthur, Robert E. and Ruskuc, N.},
	Fjournal = {Southeast Asian Bulletin of Mathematics},
	Issn = {0129-2021},
	Journal = {Southeast Asian Bull. Math.},
	Mrclass = {20M05 (20M20)},
	Mrnumber = {MR1811207 (2001k:20123)},
	Number = {1},
	Pages = {1--7},
	Title = {Presentations for two extensions of the monoid of order-preserving mappings on a finite chain},
	Volume = {24},
	Year = {2000}}
