%%%%%%%%%%%%%%%%%%%%%%%%%%%%%%%%%%%%%%%%%%%%%%%%%%%%%%%%%%%%%%%%%%%%%%%%%
%%
%W  manual.bib             LAGUNA documentation              Victor Bovdi
%W                                                    Alexander Konovalov
%W                                                     Richard Rossmanith
%W                                                         Csaba Scheider
%%
%%  manual.bib - BibTeX database file of LAGUNA references

@incollection {Bovdi,
    AUTHOR = {Bovdi, Adalbert},
     TITLE = {Generators of the units of the modular group algebra of a
              finite {$p$}-group},
 BOOKTITLE = {Methods in ring theory (Levico Terme, 1997)},
    SERIES = {Lecture Notes in Pure and Appl. Math.},
    VOLUME = {198},
     PAGES = {49--62},
 PUBLISHER = {Dekker},
   ADDRESS = {New York},
      YEAR = {1998},
  MRNUMBER = {MR1767969 (2001f:16061)},
MRREVIEWER = {Alexander Zimmermann}
}


@article {Bhandari-Passi,
    AUTHOR = {Bhandari, Ashwani K. and Passi, I. B. S.},
     TITLE = {Lie-nilpotency indices of group algebras},
   JOURNAL = {Bull. London Math. Soc.},
  FJOURNAL = {The Bulletin of the London Mathematical Society},
    VOLUME = {24},
      YEAR = {1992},
    NUMBER = {1},
     PAGES = {68--70},
      ISSN = {0024-6093},
     CODEN = {LMSBBT},
   MRCLASS = {16S34 (20C07)},
  MRNUMBER = {MR1139060 (93a:16023)},
MRREVIEWER = {D. A. R. Wallace}
}


@article {Du,
    AUTHOR = {Du, Xian Kun},
     TITLE = {The centers of a radical ring},
   JOURNAL = {Canad. Math. Bull.},
  FJOURNAL = {Canadian Mathematical Bulletin. Bulletin Canadien de
              Math\'ematiques},
    VOLUME = {35},
      YEAR = {1992},
    NUMBER = {2},
     PAGES = {174-179},
      ISSN = {0008-4395},
     CODEN = {CMBUA3},
   MRCLASS = {16N20 (17B60)},
  MRNUMBER = {MR1165165 (93d:16023)},
MRREVIEWER = {Stefan Veldsman}
}


@Misc{Laguna,
    AUTHOR = {Bovdi, V. and Konovalov, A. and Rossmanith, R. and Schneider, C.},
     TITLE = {{LAGUNA} --- {L}ie {A}l{G}ebras and {UN}its of group {A}lgebras},
howpublished = {{GAP4} package (\url{http://www.cs.st-andrews.ac.uk/~alexk/laguna.htm})}
}


@Misc{ParGAP,
    AUTHOR = {Cooperman, G.},
     TITLE = {{P}ar{GAP} --- {P}arallel {GAP}},
howpublished = {{GAP4} package (\url{http://www.gap-system.org/Packages/pargap.html})}
}


@Misc{QaoS,
    AUTHOR = {Freundt, S. and Pauli, S.},
     TITLE = {{Q}ao{S} --- {I}nterfacing the {Q}ao{S} database from {GAP}},
howpublished = {{GAP4} package (\url{http://www.gap-system.org/Packages/qaos.html})}
}


%%%%%%%%%%%%%%%%%%%%%%%%%%%%%%%%%%%%%%%%%%%%%%%%%%%%%%%%%%%%%%%%%%%%%%%%%
%%
%E
