@Unpublished{Strade,
  author = 	 {Strade, Helmut.},
  title = 	 {Lie algebras of small dimension},
  note = 	 {arxiv.org/abs/math/0601413}
}

@article {cdgs10,
    AUTHOR = {Cical\`o, Serena and de Graaf, Willem A. and Schneider, Csaba},
     TITLE = {Six-dimensional nilpotent {L}ie algebras},
     JOURNAL = {Linear Algebra and its Applications (to appear)},
      YEAR = {2011},   
}


@article {wdg05,
    AUTHOR = {de Graaf, Willem A.},
     TITLE = {Classification of solvable {L}ie algebras},
   JOURNAL = {Experiment. Math.},
  FJOURNAL = {Experimental Mathematics},
    VOLUME = {14},
      YEAR = {2005},
    NUMBER = {1},
     PAGES = {15--25},
      ISSN = {1058-6458},
   MRCLASS = {17B30 (13P10)},
  MRNUMBER = {MR2146516 (2006b:17019)},
MRREVIEWER = {Vladimir V. Gorbatsevich},
}

@article {wdg07,
    AUTHOR = {de Graaf, Willem A.},
     TITLE = {Classification of 6-dimensional nilpotent {L}ie algebras over
              fields of characteristic not 2},
   JOURNAL = {J. Algebra},
  FJOURNAL = {Journal of Algebra},
    VOLUME = {309},
      YEAR = {2007},
    NUMBER = {2},
     PAGES = {640--653},
      ISSN = {0021-8693},
     CODEN = {JALGA4},
   MRCLASS = {17B30},
  MRNUMBER = {MR2303198},
}

@article {sch,
    AUTHOR = {Schneider, Csaba},
     TITLE = {A computer-based approach to the classification of nilpotent
              {L}ie algebras},
   JOURNAL = {Experiment. Math.},
  FJOURNAL = {Experimental Mathematics},
    VOLUME = {14},
      YEAR = {2005},
    NUMBER = {2},
     PAGES = {153--160},
      ISSN = {1058-6458},
   MRCLASS = {17B30 (17-08)},
  MRNUMBER = {MR2169519 (2006f:17010)},
MRREVIEWER = {Bakhrom A. Omirov},
}

@article {VL,
    AUTHOR = {Vaughan-Lee, Michael},
     TITLE = {Simple {L}ie algebras of low dimension over {${\rm GF}(2)$}},
   JOURNAL = {LMS J. Comput. Math.},
  FJOURNAL = {LMS Journal of Computation and Mathematics},
    VOLUME = {9},
      YEAR = {2006},
     PAGES = {174--192 (electronic)},
      ISSN = {1461-1570},
   MRCLASS = {17B20 (17B50)},
  MRNUMBER = {MR2237261 (2007d:17016)},
MRREVIEWER = {Guang Yu Shen},
}
