@Misc{scscp1cd,
    AUTHOR = {Sebastian Freundt and Peter Horn and Alexander Konovalov and Sylla Lesseni and Steve Linton and Dan Roozemond},
     TITLE = {{O}pen{M}ath content dictionary {\tt scscp1}},
howpublished = {(\url{http://www.win.tue.nl/SCIEnce/cds/scscp1.html})}
}

@Misc{scscp2cd,
    AUTHOR = {Sebastian Freundt and Peter Horn and Alexander Konovalov and Sylla Lesseni and Steve Linton and Dan Roozemond},
     TITLE = {{O}pen{M}ath content dictionary {\tt scscp2}},
howpublished = {(\url{http://www.win.tue.nl/SCIEnce/cds/scscp2.html})}
}

@Misc{GAPDoc,
    AUTHOR = {Frank L\"ubeck and Max Neunh\"offer},
     TITLE = {{GAPD}oc --- {A} {M}eta {P}ackage for {GAP} {D}ocumentation},
howpublished = {{GAP4} package (\url{http://www.math.rwth-aachen.de/~Frank.Luebeck/GAPDoc})}
}

@Misc{SCSCPspec,
    AUTHOR = {Sebastian Freundt and Peter Horn and Alexander Konovalov and Steve Linton and Dan Roozemond},
     TITLE = {{S}ymbolic {C}omputation {S}oftware {C}omposability {P}rotocol ({SCSCP}) specification, Version 1.3, 2009},
howpublished = {(\url{http://www.symbolic-computation.org/scscp})}
}

@Misc{SCSCPpkg,
    AUTHOR = {Alexander Konovalov and Steve Linton},
     TITLE = {{SCSCP} --- {S}ymbolic {C}omputation {S}oftware {C}omposability {P}rotocol},
howpublished = {{GAP4} package 
               (\url{http://www.cs.st-andrews.ac.uk/~alexk/scscp.htm})}
}

%%%%%%%%%%%%%%%%%%%%%%%%%%%%%%%%%%%%%%%%%%%%%%%%%%%%%%%%%%%%%%%%%%%%%%%%%
%%
%E
