@article{ highspeed,
    author={Wang, Feng and Nogami, Yasuyuki and Morikawa, Yoshitaka},
    title={{A} {H}igh-{S}peed {S}quare {R}oot {C}omputation in {F}inite {F}ields with {A}pplication to {E}lliptic {C}urve {C}ryptosystem},
    journal={Memoirs of the Faculty of Engineering, Okayama University},
    volume={39},
    pages={82--92},
    year={2005},
}
