%%%%%%%%%%%%%%%%%%%%%%%%%%%%%%%%%%%%%%%%%%%%%%%%%%%%%%%%%%%%%%%%%%%%%%%%%
%%
%W  symbcompcc.bib              documentation      Dörte Feichtenschlager
%%

@Article{dS00,
  author = 	 {M.~du~Sautoy},
  title = 	 {Counting $p$-groups and nilpotent groups},    
  journal = 	 {Inst.~Hautes Etudes Sci.~Publ.~Math.},
  year = 	 {2000},
  OPTkey = 	 {},
  volume = 	 {92},
  OPTnumber = 	 {},
  pages = 	 {63-112},
  OPTmonth = 	 {},
  OPTnote = 	 {},
  OPTannote = 	 {}
}
@Article{EF11,
  author = 	 {B. Eick and D. Feichtenschlager},
  title = 	 {Computation of low-dimensional (co)homology groups for infinite sequences of p-groups with fixed coclass}, 
  journal = 	 {Internat. J. Algebra Comput.},
  year = 	 {2011},
  OPTkey = 	 {},
  volume = 	 {21},
  number = 	 {4},
  pages = 	 {635-649},
  OPTmonth = 	 {},
  OPTnote = 	 {},
  OPTannote = 	 {}
}

@Article{ELG08,
  author = 	 {B.~Eick and C.~R.~Leedham-Green},
  title = 	 {On the classification of prime-power groups by coclass},
  journal = 	 {Bulletin London Math. Soc.},
  year = 	 {2008},
  OPTkey = 	 {},
  volume = 	 {40},
  number = 	 {2},
  OPTpages = 	 {274-288},
  OPTmonth = 	 {},
  OPTnote = 	 {},
  OPTannote = 	 {}
}

@Article{EN08,
  author = 	 {B.~Eick and W.~Nickel},
  title = 	 {Computing the {S}chur multiplicator and the nonabelian tensor square of a polycyclic group},
  journal = 	 {J. Algebra},
  year = 	 {2008},
  OPTkey = 	 {},
  volume = 	 {320},
  number = 	 {2},
  pages = 	 {927-944},
  OPTmonth = 	 {},
  OPTnote = 	 {},
  OPTannote = 	 {}
}

@Article{LGN80,
  author = 	 {C.~R.~Leedham-Green and M.~F.~Newman},
  title = 	 {Space groups and groups of prime-power order {I}},    
  journal = 	 {Arch.~Math.},
  year = 	 {1980},
  OPTkey = 	 {},
  volume = 	 {35},
  OPTnumber = 	 {},
  pages = 	 {193-202},
  OPTmonth = 	 {},
  OPTnote = 	 {},
  OPTannote = 	 {}
}