%%%%%%%%%%%%%%%%%%%%%%%%%%%%%%%%%%%%%%%%%%%%%%%%%%%%%%%%%%%%%%%%%%%%%%%%%
%%
%W  manual.bib             UNIPOT documentation             Sergei Haller
%%
%H  $Id: manual.bib,v 2.2 2004/10/21 21:36:19 gc1007 Exp $
%%
%%

@STRING{ jlug-alg = "Mathe\-mati\-sches Insti\-tut,
          Jus\-tus-Lie\-big-Uni\-ver\-si\-t{\"a}t Gie{\ss}en" }
@STRING{ dipl = "Di\-plom\-ar\-beit" }

@manual {GAP4,
        TITLE = "{GAP -- Groups, Algorithms, and Programming,
                 Version 4.4}",
 ORGANIZATION = "The GAP~Group",
      ADDRESS = "Aachen, St~Andrews",
         YEAR = 2004,
         NOTE = "\URL{http://www.gap-system.org}",
          KEY = "GAP",
     KEYWORDS = "groups; *; gap; manual"
}
@book {Carter72,
    AUTHOR = {Carter, Roger W.},
     TITLE = {Simple groups of {L}ie type},
    SERIES = {Wiley Classics Library},
      NOTE = {Reprint of the 1972 original,
              A Wiley-Interscience Publication},
 PUBLISHER = {John Wiley \& Sons Inc.},
   ADDRESS = {New York},
      YEAR = {1989},
     PAGES = {x+335},
      ISBN = {0-471-50683-4},
}

@mastersthesis{SH2000,
    AUTHOR = "Sergei Haller",
     TITLE = "{Entwicklung und Implementierung eines Algorithmus zur Berechnung von Kommutatoren unipotenter Elemente in Chevalley-Gruppen}",
      TYPE = dipl,
    SCHOOL = jlug-alg,
      YEAR = "2000",
     MONTH = "April",
  LANGUAGE = "German",
}

