%%%%%%%%%%%%%%%%%%%%%%%%%%%%%%%%%%%%%%%%%%%%%%%%%%%%%%%%%%%%%%%%%%%%%%%%%
%%
%W  manual.bib             ParGAP documentation            Gene Cooperman
%%
%H  $Id$
%%
%%  manual.bib - BibTeX database file of ParGAP references

@inproceedings {Coo95,
    AUTHOR = {Cooperman, Gene},
     TITLE = {{STAR/MPI: B}inding a Parallel Library to Interactive Symbolic
              Algebra Systems},
 BOOKTITLE = {Proc. of International Symposium on Symbolic and Algebraic
              Computation (ISSAC '95)},
 PUBLISHER = {ACM Press},
      YEAR = {1995},
     PAGES = {126--132},
}

@inproceedings {Coo96,
    AUTHOR = {Cooperman, Gene},
     TITLE = {{TOP-C:  A Task-Oriented Parallel C} Interface},
 BOOKTITLE = {$5^{\hbox{th}}$ International Symposium on High Performance
              Distributed Computing (HPDC-5)},
 PUBLISHER = {IEEE Press},
      YEAR = {1996},
     PAGES = {141--150},
}

@inproceedings {Coo97,
    AUTHOR = {Cooperman, Gene},
     TITLE = {{GAP/MPI: Facilitating Parallelism}},
 BOOKTITLE = {Proc. of Second DIMACS Workshop on Groups and Computation {II}},
   JOURNAL = {DIMACS Series in Discrete Mathematics and Theoretical Computer
              Science},
    EDITOR = {L. Finkelstein and Kantor, W.M.},
 PUBLISHER = {AMS, Providence, RI},
    VOLUME = {28},
      YEAR = {1997},
}

@inproceedings {Coo98,
    AUTHOR = {Cooperman, Gene},
     TITLE = {Practical task-oriented parallelism for {G}aussian elimination
              in distributed memory},
 BOOKTITLE = {Proceedings of the Sixth Conference of the International
              Linear Algebra Society (Chemnitz, 1996)},
   JOURNAL = {Linear Algebra Appl.},
  FJOURNAL = {Linear Algebra and its Applications},
    VOLUME = {275/276},
      YEAR = {1998},
     PAGES = {107--120},
      ISSN = {0024-3795},
     CODEN = {LAAPAW},
   MRCLASS = {65-04 (65F99 68Q22)},
  MRNUMBER = {1 628 384},
}

@article {CFTY94,
    AUTHOR = {Cooperman, Gene and Finkelstein, Larry and Tselman, Michael
              and York, Bryant},
     TITLE = {Constructing permutation representations for matrix groups},
   JOURNAL = {J. Symbolic Comput.},
  FJOURNAL = {Journal of Symbolic Computation},
    VOLUME = {24},
      YEAR = {1997},
    NUMBER = {3-4},
     PAGES = {471--488},
      NOTE = {Computational algebra and number theory (London, 1993)
              [Used TOP-C model]},
      ISSN = {0747-7171},
   MRCLASS = {20H30 (20D08 68Q40)},
  MRNUMBER = {98h:20090},
MRREVIEWER = {J. D. Dixon},
}

@article {CG98,
    AUTHOR = {Cooperman, Gene and V. Grinberg},
     TITLE = {{TOP-WEB: T}ask-Oriented Metacomputing on the {W}eb},
   JOURNAL = {International Journal of Parallel and Distributed Systems and
              Networks},
    VOLUME = {1},
      YEAR = {1998},
     PAGES = {184--192},
}

@proceedings {CH97,
    AUTHOR = {Cooperman, Gene and Havas, George},
     TITLE = {Practical parallel coset enumeration},
 BOOKTITLE = {Proc. of Workshop on High Performance Computation and Gigabit
              Local Area Networks},
    EDITOR = {G. Cooperman and G. Michler and H. Vinck},
    SERIES = {Lecture notes in control and information sciences},
    VOLUME = {226},
 PUBLISHER = {Springer Verlag},
      YEAR = {1997},
     PAGES = {15--27},
      NOTE = {[Used TOP-C model]},
}

@article {CHLM97,
    AUTHOR = {Cooperman, Gene and Hiss, Gerhard and Lux, Klaus and
              M{\accent127u}ller, J{\accent127u}rgen},
     TITLE = {The {B}rauer tree of the principal $19$-block of the sporadic
              simple {T}hompson group},
   JOURNAL = {Experiment. Math.},
  FJOURNAL = {Experimental Mathematics},
    VOLUME = {6},
      YEAR = {1997},
    NUMBER = {4},
     PAGES = {293--300},
      ISSN = {1058-6458},
   MRCLASS = {20C34 (20C20 20C40)},
  MRNUMBER = {99b:20026},
MRREVIEWER = {Andrew Woldar},
}

@incollection {CLMW96,
    AUTHOR = {Cooperman, G. D. and Lempken, W. and Michler, G. O. and
              Weller, M.},
     TITLE = {A new existence proof of {J}anko's simple group ${J}\sb 4$},
 BOOKTITLE = {Computational methods for representations of groups and
              algebras (Essen, 1997)},
     PAGES = {161--175},
 PUBLISHER = {Birkh\"auser},
   ADDRESS = {Basel},
      YEAR = {1999},
   MRCLASS = {20D08 (20D05)},
  MRNUMBER = {2000g:20028},
MRREVIEWER = {Hiroyoshi Yamaki},
}

@inproceedings {CT96,
    AUTHOR = {Cooperman, Gene and M. Tselman},
     TITLE = {New Sequential and Parallel Algorithms for Generating High
              Dimension Hecke Algebras using the Condensation Technique},
 BOOKTITLE = {Proc. of International Symposium on Symbolic and Algebraic
              Computation (ISSAC '96)},
 PUBLISHER = {ACM Press},
      YEAR = {1996},
     PAGES = {155--160},
      NOTE = {[Used TOP-C model]},
}

@article {CG02,
    AUTHOR = {Cooperman, Gene and Grinberg, Victor},
     TITLE = {Scalable Parallel Coset Enumeration:  Bulk Definition
                     and the Memory Wall},
   JOURNAL = {J. Symbolic Computation},
  FJOURNAL = {Journal of Symbolic Computation},
    VOLUME = {33},
      YEAR = {2002},
     PAGES = {563--585},
}

@article {CCHW02,
    AUTHOR = {Cooperman, Gene and Casanova, Henri and Hayes, Jim
	      and Witzel, Thomas},
     TITLE = {Using {TOP-C} and {AMPIC} to Port Large Parallel Applications
              to the {C}omputational {G}rid},
   JOURNAL = {Future Generation Computer Systems},
  FJOURNAL = {Future Generation Computer Systems (FGCS)},
    VOLUME = {19},
     ISSUE = {4},
      YEAR = {2003},
     PAGES = {587--596},
}
