



@misc{ Brent96,
  author =           {Brent, R. P.},
  title =            {Factorization  of  the  Tenth  and  Eleventh  {F}ermat
                      Numbers},
  year =             {1996},
  note =             {\href
                      {ftp://ftp.comlab.ox.ac.uk/pub/Documents/techpapers/Richard.Brent/rpb161tr.dvi.gz}
                      {\texttt{ftp://ftp.comlab.ox.ac.uk/}\discretionary
                      {}{}{}\texttt{pub/}\discretionary
                      {}{}{}\texttt{Documents/}\discretionary
                      {}{}{}\texttt{techpapers/}\discretionary
                      {}{}{}\texttt{Richard.Brent/}\discretionary
                      {}{}{}\texttt{rpb161tr.dvi.gz}}},
  printedkey =       {Bre96}
}
@misc{ Brent04,
  author =           {Brent, R. P.},
  title =            {Factor Tables},
  year =             {2004},
  note =             {\href
                      {http://web.comlab.ox.ac.uk/oucl/work/richard.brent/factors.html}
                      {\texttt{http://web.comlab.ox.ac.uk/}\discretionary
                      {}{}{}\texttt{oucl/}\discretionary
                      {}{}{}\texttt{work/}\discretionary
                      {}{}{}\texttt{richard.brent/}\discretionary
                      {}{}{}\texttt{factors.html}}},
  printedkey =       {Bre04}
}
@book{ Bressoud89,
  author =           {Bressoud, D. M.},
  title =            {Factorization and Primality Testing},
  publisher =        {Springer-Verlag},
  year =             {1989},
  isbn =             {0-387-97040-1},
  mrnumber =         {MR1016812 (91e:11150)},
  printedkey =       {Bre89}
}
@book{ Cohen93,
  author =           {Cohen, H.},
  title =            {A Course in Computational Algebraic Number Theory},
  publisher =        {Springer-Verlag},
  year =             {1993},
  isbn =             {0-387-55640-0},
  mrnumber =         {MR1228206 (94i:11105)},
  printedkey =       {Coh93}
}
@manual{ GAPDoc,
  author =           {L{\"u}beck, F. and Neunh{\"o}ffer, M.},
  title =            {{GAPDoc (Version 1.0)}},
  organization =     {RWTH Aachen},
  year =             {2007},
  note =             {GAP                   package,                   \href
                      {http://www.gap-system.org/Packages/gapdoc.html}
                      {\texttt{http://www.gap-system.org/}\discretionary
                      {}{}{}\texttt{Packages/}\discretionary
                      {}{}{}\texttt{gapdoc.html}}},
  printedkey =       {LN07}
}
