%%%%%%%%%%%%%%%%%%%%%%%%%%%%%%%%%%%%%%%%%%%%%%%%%%%%%%%%%%%%%%%%%%%%%%%%%%%%
%
%A  guava.bib               GUAVA documentation                Reinald Baart
%A                                                       & Jasper Cramwinckel
%A                                                          & Erik Roijackers
%A                                                             & David Joyner
%
%H  $Id: manual.bib,v 1.2 2003/02/12 03:40:23 gap Exp $
%
%Y  Copyright (C)  1995,  Vakgroep Algemene Wiskunde,  T.U. Delft,  Nederland
%Y  Copyright (C)  2005,  David Joyner
%Y  Copyright (C)  2011,  Joe Fields

@article{BM03,
	AUTHOR = {L. Bazzi and S. K. Mitter}, 
	TITLE = "Some constructions of codes from group actions",
	JOURNAL = {preprint},
	YEAR = {March 2003 (submitted)},
}

@article{GDT91,
    AUTHOR = {E. Gabidulin and A. Davydov and L. Tombak},
     TITLE = {Linear codes with covering radius 2 and other new covering
              codes},
   JOURNAL = {IEEE Trans. Inform. Theory},
    VOLUME = {37},
      YEAR = {1991},
    NUMBER = {1},
     PAGES = {219--224},
}

@article{Gao03,
        author  = "S. Gao",
        title   = "A new algorithm for decoding Reed-Solomon codes",
        journal = {Communications, Information and Network Security 
(V. Bhargava, H. V. Poor, V. Tarokh and S. Yoon, Eds.)}, 
publisher={Kluwer Academic Publishers}, 
pages={pp. 55-68},
        year    = 2003,
}

@book{GG03,
    AUTHOR = {J. von zur Gathen and J. Gerhard},
     TITLE = {Modern computer algebra},
      YEAR = {2003},
 publisher = {Cambridge Univ. Press},
}

@article{GS85,
    AUTHOR = {R. Graham and N. Sloane},
     TITLE = "On the covering radius of codes",
   JOURNAL = {IEEE Trans. Inform. Theory},
    VOLUME = {31},
      YEAR = {1985},
    NUMBER = {1},
     PAGES = {385--401},
}

@article{Han99,
        author  = "J. P. Hansen",
        title   = "Toric surfaces and error-correcting codes",
        journal = "Coding theory, cryptography, and related areas 
(ed., Bachmann et al) Springer-Verlag",
        year    = 1999,
}

@article{He72,
        author  = "Hermann J. Helgert",
        title   = "Srivastava codes",
        journal = "IEEE Trans. Inform. Theory",
        volume  = 18,
        month   = "March",
        year    = 1972,
        pages   = "292--297",
}

@book{HP03,
author="W. C. Huffman and V. Pless",
title="Fundamentals of error-correcting codes",
publisher="Cambridge Univ. Press",
year=2003}

@article{Jo04,
        author  = "D. Joyner",
        title   = "Toric codes over finite fields",
        journal = "Applicable Algebra in Engineering, 
                      Communication and Computing",
        volume  = 15,
        year    = 2004,
        pages   = "63--79",
}

@book{JH04,
author="J. Justesen and T. Hoholdt",
title="A course in error-correcting codes",
publisher="European Mathematical Society",
year=2004}

@article{Leon82,
        author  = "Jeffrey S. Leon",
        title   = "Computing automorphism groups of error-correcting codes",
        journal = "IEEE Trans. Inform. Theory",
        volume  = 28,
        month   = "May",
        year    = 1982,
        pages   = "496--511",
}

@article{Leon88,
        author  = "Jeffrey S. Leon",
        title   = "A probabilistic algorithm for computing minimum weights of
                   large error-correcting codes",
        journal = "IEEE Trans. Inform. Theory",
        volume  = 34,
        month   = "September",
        year    = 1988,
        pages   = "1354--1359",
}

@article{Leon91,
        author  = "Jeffrey S. Leon",
        title   = "Permutation group algorithms based on partitions, {I}: theory and algorithms",
        journal = "J. Symbolic Comput.",
        volume  = 12,
        year    = 1991,
        pages   = "533--583",
}

@book{MS83,
        author="F. J. MacWilliams and N. J. A. Sloane",
        title="The theory of error-correcting codes",
        publisher="Amsterdam: North-Holland",
        year=1983,
}

@book{St93,
        author="H. Stichtenoth",
        title="Algebraic function fields and codes",
        publisher="Springer-Verlag",
        year=1993,
}

@misc{Br,
	author = "A. E. Brouwer", 
	title = "Bounds on the minimum distance of linear codes",
	howpublished="\href{http://www.win.tue.nl/~aeb/voorlincod.html}{http://www.win.tue.nl/~aeb/voorlincod.html}",
	year={1997-2006}
}

@article{HHKK07,
        author  = "M.~Harada and W.~Holzmann and H.~Kharaghani and M.~Khorvash",
        title   = "Extremal Ternary Self-Dual Codes Constructed from Negacirculant Matrices",
        journal = "Graphs and Combinatorics",
        volume  = 23,
        number  = 4,
        year    = 2007,
        pages   = "401--417",
}

@article{Sloane72,
        author  = "N.~Sloane and S.~Reddy and C.~Chen",
        title   = "New binary codes",
        journal = "IEEE Trans. Inform. Theory",
        volume  = 18,
        month   = "Jul",
        year    = 1972,
        pages   = "503--510",
}

@article{Alltop84,
        author  = "W.~O.~Alltop",
        title   = "A method for extending binary linear codes",
        journal = "IEEE Trans. Inform. Theory",
        volume  = 30,
        year    = 1984,
        pages   = "871--872",
}

@INCOLLECTION{Brouwer98,
	author 		= {A.~E. Brouwer},
	title  		= {Bounds on the Size of Linear Codes},
	booktitle	= {Handbook of Coding Theory},
	publisher	= {{Elsevier, North Holland}},
	year		= {1998},
	pages		= {295--461},
	editor		= {V.~S. Pless and W.~C. Huffman},
}

@PHDTHESIS{Chen69,
	author		= {C.~L. Chen},
	title		= {Some Results on Algebraically Structured Error-Correcting Codes},
	school		= {{University of Hawaii}},
	type		= {Ph.{D} Dissertation},
	address		= {USA},
	year		= {1969},
}

@TECHREPORT{Zimmermann96,
	author		= {K.-H.~Zimmermann},
	title		= {Integral Hecke Modules, Integral Generalized {Reed-Muller} Codes, and Linear Codes},
	institution = {Technische Universit\"at Hamburg-Harburg},
	address		= {Hamburg, Germany},
	year		= {1996},
	number		= {3--96},
}

@ARTICLE{Gallager.1962,
	author		= {R. Gallager},
	title		= {Low-Density Parity-Check Codes},
	journal		= {IRE Trans. Inform. Theory},
	year		= {1962},
	month		= {Jan.},
	volume		= {IT-8},
	pages		= {21--28},
}

@ARTICLE{TSSFC04,
	author		= {R. Tanner and D. Sridhara and A. Sridharan and T. Fuja and D. Costello{, Jr.}},
	title		= {{LDPC} Block and Convolutional Codes Based on Circulant Matrices},
	journal		= {IEEE Trans. Inform. Theory},
	volume		= {50},
	number		= {12},
	pages		= {2966--2984},
	month		= {Dec.},
	year		= {2004},
}
