#############################################################################
##
#W  qpadocumentation.bib              The QPA package  by the QPA-team
##
#############################################################################

@article {Dean-de-la-Pena,
    AUTHOR = {Dean, A. and de la Pe\~na, J. A.},
     TITLE = {Algorithms for quadratic forms},
   JOURNAL = {Linear algebra and its applications},
  FJOURNAL = {Linear algebra and its applications},
    VOLUME = {235},
      YEAR = {1996},
     PAGES = {35--46},
}

@article {von-Hoehne,
    AUTHOR = {von H\"ohne, H.-J.},
     TITLE = {Edge reduction for unit forms},
   JOURNAL = {Arch. Math.},
  FJOURNAL = {Archive der Mathematik},
    VOLUME = {65},
      YEAR = {1995},
     PAGES = {300--302},
}

@article {Green,
    AUTHOR = {Green, E. L.},
     TITLE = {Multiplicative bases, Gr\"obner bases, and right Gr\"obner bases},
   JOURNAL = {J. Symbolic Comput.},
  FJOURNAL = {Journal of Symbolic Computation},
    VOLUME = {29},
      YEAR = {2000},
     PAGES = {601--623},
}

@article {GreenSolbergZacharia,
    AUTHOR = {Green, E. L. and Solberg, \O. and Zacharia, D.},
     TITLE = {Minimal projective resolutions},
   JOURNAL = {Trans. Amer. Math. Soc.},
  FJOURNAL = {Transactions of the American Mathematical Society},
    VOLUME = {353},
      YEAR = {2001},
     PAGES = {2915--2939},
}


%%%%%%%%%%%%%%%%%%%%%%%%%%%%%%%%%%%%%%%%%%%%%%%%%%%%%%%%%%%%%%%%%%%%%%%%%
%%
%E
