\begin{thebibliography}{99}

\bibitem[1]{Ar}
R.~Artzy,
\newblock {\it On automorphic-inverse properties in loops}.
Proc. Amer. Math. Soc. {10} (1959), 588--591.

@article {Ar,
    AUTHOR = {Artzy, R.},
     TITLE = {On automorphic-inverse properties in loops},
   JOURNAL = {Proc. Amer. Math. Soc.},
  FJOURNAL = {Proceedings of the American Mathematical Society},
    VOLUME = {10},
      YEAR = {1959},
     PAGES = {588--591},
      ISSN = {0002-9939},
   MRCLASS = {20.00},
  MRNUMBER = {0107674 (21 \#6397)},
MRREVIEWER = {H. Minc},
}

\bibitem[2]{Br}
R.~Hubert~Bruck.
\newblock A Survey of Binary Systems, third printing, corrected. {\it Ergebnisse der
Mathematik und ihrer Grenzgebiete}, {\it Neue Folge} {20},
Springer-Verlag, 1971.

@book {Br,
    AUTHOR = {Bruck, Richard Hubert},
     TITLE = {A survey of binary systems},
    SERIES = {Ergebnisse der Mathematik und ihrer Grenzgebiete. Neue Folge,
              Heft 20. Reihe: Gruppentheorie},
 PUBLISHER = {Springer Verlag},
   ADDRESS = {Berlin},
      YEAR = {1958},
     PAGES = {viii+185},
   MRCLASS = {20.00},
  MRNUMBER = {0093552 (20 \#76)},
MRREVIEWER = {L. J. Paige},
}
\bibitem[3]{ChPfSm}
O.~Chein, H.~O.~Pflugfelder, J.~D.~H.~Smith (editors).
\newblock Quasigroups and Loops: Theory and Applications, {\it Sigma Series in Pure
Mathematics} {8}, Heldermann Verlag Berlin, 1990.

@book {ChPfSm,
     TITLE = {Quasigroups and loops: theory and applications},
    SERIES = {Sigma Series in Pure Mathematics},
    VOLUME = {8},
    EDITOR = {Chein, O. and Pflugfelder, H. O. and Smith, J. D. H.},
 PUBLISHER = {Heldermann Verlag},
   ADDRESS = {Berlin},
      YEAR = {1990},
     PAGES = {xii+568},
      ISBN = {3-88538-008-0},
   MRCLASS = {20N05 (20-06)},
  MRNUMBER = {1125806 (93g:20133)},
MRREVIEWER = {D. A. Robinson},
}
\bibitem[4]{CoRo}
Charles J.~Colbourn and Alexander Rosa.
\newblock Triple systems, {\it Oxford Mathematical Monographs}, The Clarendon Press,
Oxford University Press, New York, 1999.

@book {CoRo,
    AUTHOR = {Colbourn, Charles J. and Rosa, Alexander},
     TITLE = {Triple systems},
    SERIES = {Oxford Mathematical Monographs},
 PUBLISHER = {The Clarendon Press Oxford University Press},
   ADDRESS = {New York},
      YEAR = {1999},
     PAGES = {xvi+560},
      ISBN = {0-19-853576-7},
   MRCLASS = {05B07 (05-02)},
  MRNUMBER = {1843379 (2002h:05024)},
MRREVIEWER = {Elizabeth J. Billington},
}

\bibitem[5]{CsDr}
Piroska Cs\accent127org\H{o} and Ale\v{s} Dr\'apal.
\newblock {\it Left conjugacy closed loops of nilpotency class two},
Results Math. {47} (2005), no. {3}--{4}, 242--265.

@article {CsDr,
    AUTHOR = {Cs{\"o}rg{\H{o}}, Piroska and Dr{\'a}pal, Ale{\v{s}}},
     TITLE = {Left conjugacy closed loops of nilpotency class two},
   JOURNAL = {Results Math.},
  FJOURNAL = {Results in Mathematics. Resultate der Mathematik},
    VOLUME = {47},
      YEAR = {2005},
    NUMBER = {3-4},
     PAGES = {242--265},
      ISSN = {1422-6383},
   MRCLASS = {20N05},
  MRNUMBER = {2153496 (2006b:20095)},
MRREVIEWER = {Huberta Lausch},
}

\bibitem[6]{DaVo}
Daniel Daly and Petr Vojt\v{e}chovsk\'y,
\newblock {\it Enumeration of nilpotent loops via cohomology},
Journal of Algebra {322} (2009), no. {11}, 4080--4098.

@article {DaVo,
    AUTHOR = {Daly, Daniel and Vojt{\v{e}}chovsk{\'y}, Petr},
     TITLE = {Enumeration of nilpotent loops via cohomology},
   JOURNAL = {J. Algebra},
  FJOURNAL = {Journal of Algebra},
    VOLUME = {322},
      YEAR = {2009},
    NUMBER = {11},
     PAGES = {4080--4098},
      ISSN = {0021-8693},
     CODEN = {JALGA4},
   MRCLASS = {20N05 (20J99)},
  MRNUMBER = {2556139 (2011e:20098)},
MRREVIEWER = {Yu. M. Movsisyan},
       DOI = {10.1016/j.jalgebra.2009.03.042},
       URL = {http://dx.doi.org/10.1016/j.jalgebra.2009.03.042},
}

\bibitem[7]{DrVo}
Ale\v{s} Dr\'apal and Petr Vojt\v{e}chovsk\'y.
\newblock {\it Moufang loops that share associator and three quarters of their
multiplication tables},
Rocky Mountain Journal of Mathematics {36} (2006), no. {2}, 425--455.

@article {DrVo,
    AUTHOR = {Dr{\'a}pal, Ale{\v{s}} and Vojt{\v{e}}chovsk{\'y}, Petr},
     TITLE = {Moufang loops that share associator and three quarters of
              their multiplication tables},
   JOURNAL = {Rocky Mountain J. Math.},
  FJOURNAL = {The Rocky Mountain Journal of Mathematics},
    VOLUME = {36},
      YEAR = {2006},
    NUMBER = {2},
     PAGES = {425--455},
      ISSN = {0035-7596},
     CODEN = {RMJMAE},
   MRCLASS = {20N05 (05B15)},
  MRNUMBER = {2234814 (2007d:20114)},
MRREVIEWER = {Orin Chein},
       DOI = {10.1216/rmjm/1181069461},
       URL = {http://dx.doi.org/10.1216/rmjm/1181069461},
}

\bibitem[8]{Fe}
Ferenc Fenyves.
\newblock {\it Extra loops II, On loops with identities of Bol-Moufang type},
Publ. Math. Debrecen {16}(1969), 187--192.

@article {Fe,
    AUTHOR = {Fenyves, Ferenc},
     TITLE = {Extra loops. {II}. {O}n loops with identities of
              {B}ol-{M}oufang type},
   JOURNAL = {Publ. Math. Debrecen},
  FJOURNAL = {Publicationes Mathematicae Debrecen},
    VOLUME = {16},
      YEAR = {1969},
     PAGES = {187--192},
      ISSN = {0033-3883},
   MRCLASS = {20.95},
  MRNUMBER = {0262409 (41 \#7017)},
MRREVIEWER = {D. A. Robinson},
}

\bibitem[9]{Go}
Edgar G. Goodaire, Sean May and Maitreyi Raman.
\newblock The Moufang loops of order less than $64$, Commack, NY: Nova Science
Publishers, 1999.

@book {Go,
    AUTHOR = {Goodaire, Edgar G. and May, Sean and Raman, Maitreyi},
     TITLE = {The {M}oufang loops of order less than 64},
 PUBLISHER = {Nova Science Publishers Inc.},
   ADDRESS = {Commack, NY},
      YEAR = {1999},
     PAGES = {xviii+287},
      ISBN = {1-56072-659-8},
   MRCLASS = {20N05},
  MRNUMBER = {1689624 (2000a:20147)},
}

\bibitem[10]{JaMa}
Mark T. Jacobson and Peter Matthews.
\newblock {\it Generating uniformly distributed random latin squares},
J. Combinatorial Designs {4}(1998), no. {6}, 405--437.

@article {JaMa,
    AUTHOR = {Jacobson, Mark T. and Matthews, Peter},
     TITLE = {Generating uniformly distributed random {L}atin squares},
   JOURNAL = {J. Combin. Des.},
  FJOURNAL = {Journal of Combinatorial Designs},
    VOLUME = {4},
      YEAR = {1996},
    NUMBER = {6},
     PAGES = {405--437},
      ISSN = {1063-8539},
   MRCLASS = {05B15 (60J10)},
  MRNUMBER = {1410617 (98b:05021)},
MRREVIEWER = {Lars D{\o}vling Andersen},
       DOI = {10.1002/(SICI)1520-6610(1996)4:6<405::AID-JCD3>3.0.CO;2-J},
       URL =
              {http://dx.doi.org/10.1002/(SICI)1520-6610(1996)4:6<405::AID-JCD3>3.0.CO;2-J},
}

\bibitem[11]{KiKuPh}
Michael K. Kinyon, Kenneth Kunen, and J. D. Phillips,
\newblock {\it Every diassociative A-loop is Moufang},
Proc. Amer. Math. Soc. {130} (2002), 619--624.

@article {KiKuPh,
    AUTHOR = {Kinyon, Michael K. and Kunen, Kenneth and Phillips, J. D.},
     TITLE = {Every diassociative {$A$}-loop is {M}oufang},
   JOURNAL = {Proc. Amer. Math. Soc.},
  FJOURNAL = {Proceedings of the American Mathematical Society},
    VOLUME = {130},
      YEAR = {2002},
    NUMBER = {3},
     PAGES = {619--624},
      ISSN = {0002-9939},
     CODEN = {PAMYAR},
   MRCLASS = {20N05 (68T15)},
  MRNUMBER = {1866009 (2002k:20124)},
MRREVIEWER = {Orin Chein},
       DOI = {10.1090/S0002-9939-01-06090-7},
       URL = {http://dx.doi.org/10.1090/S0002-9939-01-06090-7},
}

\bibitem[12]{Ku}
Kenneth Kunen.
\newblock {\it The structure of conjugacy closed loops},
Trans. Amer. Math. Soc. {352} (2000), 2889--2911.

@article {Ku,
    AUTHOR = {Kunen, Kenneth},
     TITLE = {The structure of conjugacy closed loops},
   JOURNAL = {Trans. Amer. Math. Soc.},
  FJOURNAL = {Transactions of the American Mathematical Society},
    VOLUME = {352},
      YEAR = {2000},
    NUMBER = {6},
     PAGES = {2889--2911},
      ISSN = {0002-9947},
     CODEN = {TAMTAM},
   MRCLASS = {20N05 (03C05)},
  MRNUMBER = {1615991 (2000j:20132)},
MRREVIEWER = {Edgar G. Goodaire},
       DOI = {10.1090/S0002-9947-00-02350-3},
       URL = {http://dx.doi.org/10.1090/S0002-9947-00-02350-3},
}

\bibitem[13]{Li}
M.~Liebeck.
\newblock {\it The classification of finite simple Moufang loops},
Math. Proc. Cambridge Philos. Soc. {102} (1987), 33--47.

@article {Li,
    AUTHOR = {Liebeck, Martin W.},
     TITLE = {The classification of finite simple {M}oufang loops},
   JOURNAL = {Math. Proc. Cambridge Philos. Soc.},
  FJOURNAL = {Mathematical Proceedings of the Cambridge Philosophical
              Society},
    VOLUME = {102},
      YEAR = {1987},
    NUMBER = {1},
     PAGES = {33--47},
      ISSN = {0305-0041},
     CODEN = {MPCPCO},
   MRCLASS = {20N05},
  MRNUMBER = {886433 (88g:20146)},
MRREVIEWER = {Karl H. Robinson},
       DOI = {10.1017/S0305004100067025},
       URL = {http://dx.doi.org/10.1017/S0305004100067025},
}

\bibitem[14]{Mo}
G.~Eric Moorhouse.
\newblock {\it Bol loops of small order},
http://www.uwyo.edu/moorhouse/pub/bol/

@unpublished {Mo,
    AUTHOR = {Moorhouse, G. Eric},
     TITLE = {Bol loops of small order},
     NOTE  = {http://www.uwyo.edu/moorhouse/pub/bol/},
}

\bibitem[15]{Na}
G\'abor~P.~Nagy,
\newblock {\it A class of simple proper Bol loops},
Manuscripta Math. {127} (2008), no. {1}, 81--88.

@article {Na,
    AUTHOR = {Nagy, G{\'a}bor P.},
     TITLE = {A class of simple proper {B}ol loops},
   JOURNAL = {Manuscripta Math.},
  FJOURNAL = {Manuscripta Mathematica},
    VOLUME = {127},
      YEAR = {2008},
    NUMBER = {1},
     PAGES = {81--88},
      ISSN = {0025-2611},
     CODEN = {MSMHB2},
   MRCLASS = {20N05},
  MRNUMBER = {2429915 (2009g:20149)},
MRREVIEWER = {Ramiro Carrillo-Catal{\'a}n},
       DOI = {10.1007/s00229-008-0188-5},
       URL = {http://dx.doi.org/10.1007/s00229-008-0188-5},
}

\bibitem[16]{NaVo2003}
G\'abor~P.~Nagy and Petr Vojt\v{e}chovsk\'y.
\newblock {\it Octonions, simple Moufang loops and triality}, Quasigroups and Related
Systems {10} (2003), 65--94.

@article {NaVo2003,
    AUTHOR = {Nagy, G{\'a}bor P. and Vojt{\v{e}}chovsk{\'y}, Petr},
     TITLE = {Octonions, simple {M}oufang loops and triality},
   JOURNAL = {Quasigroups Related Systems},
  FJOURNAL = {Quasigroups and Related Systems},
    VOLUME = {10},
      YEAR = {2003},
     PAGES = {65--94},
      ISSN = {1561-2848},
   MRCLASS = {20N05 (17A75)},
  MRNUMBER = {1998692 (2004f:20118)},
MRREVIEWER = {Orin Chein},
}

\bibitem[17]{NaVo2007}
G\'abor~P.~Nagy and Petr Vojt\v{e}chovsk\'y.
\newblock {\it The Moufang loops of order $64$ and $81$},
Journal of Symbolic Computation {42} (2007), no. {9}, 871--883.

@article {NaVo2007,
    AUTHOR = {Nagy, G{\'a}bor P. and Vojt{\v{e}}chovsk{\'y}, Petr},
     TITLE = {The {M}oufang loops of order 64 and 81},
   JOURNAL = {J. Symbolic Comput.},
  FJOURNAL = {Journal of Symbolic Computation},
    VOLUME = {42},
      YEAR = {2007},
    NUMBER = {9},
     PAGES = {871--883},
      ISSN = {0747-7171},
   MRCLASS = {20N05 (20D15)},
  MRNUMBER = {2355056 (2009d:20155)},
MRREVIEWER = {Chris A. Rowley},
       DOI = {10.1016/j.jsc.2007.06.004},
       URL = {http://dx.doi.org/10.1016/j.jsc.2007.06.004},
}

\bibitem[18]{Pf}
Hala~O.~Pflugfelder.
\newblock Quasigroups and Loops: Introduction, {\it Sigma Series in Pure Mathematics}
{7}, Heldermann Verlag Berlin, 1990.

@book {Pf,
    AUTHOR = {Pflugfelder, Hala O.},
     TITLE = {Quasigroups and loops: introduction},
    SERIES = {Sigma Series in Pure Mathematics},
    VOLUME = {7},
 PUBLISHER = {Heldermann Verlag},
   ADDRESS = {Berlin},
      YEAR = {1990},
     PAGES = {viii+147},
      ISBN = {3-88538-007-2},
   MRCLASS = {20N05 (20-01)},
  MRNUMBER = {1125767 (93g:20132)},
MRREVIEWER = {D. A. Robinson},
}

\bibitem[19]{PhVo}
J.~D.~Phillips and Petr Vojt\v{e}chovsk\'y.
\newblock {\it Varieties of loops of Bol-Moufang type},
Algebra Universalis {54} (2005), no. {3}, 259--271.

@article {PhVo,
    AUTHOR = {Phillips, J. D. and Vojt{\v{e}}chovsk{\'y}, Petr},
     TITLE = {The varieties of loops of {B}ol-{M}oufang type},
   JOURNAL = {Algebra Universalis},
  FJOURNAL = {Algebra Universalis},
    VOLUME = {54},
      YEAR = {2005},
    NUMBER = {3},
     PAGES = {259--271},
      ISSN = {0002-5240},
     CODEN = {AGUVA3},
   MRCLASS = {20N05},
  MRNUMBER = {2219409 (2007b:20147)},
MRREVIEWER = {A. Schleiermacher},
       DOI = {10.1007/s00012-005-1941-1},
       URL = {http://dx.doi.org/10.1007/s00012-005-1941-1},
}

\bibitem[20]{SlZe2011}
M.~Slattery and A.~Zenisek.
\newblock{ \it Moufang loops of order 243},
preprint.

@unpublished {SlZe2011,
    AUTHOR = {Slattery, M. and Zenisek, A.},
     TITLE = {Moufang loops of order 243},
     NOTE  = {preprint},
}

\bibitem[21]{Vo}
Petr Vojt\v{e}chovsk\'y.
\newblock {\it Toward the classification of Moufang loops of order $64$},
European Journal of Combinatorics {27}, issue {3}  (April 2006), 444-460.

@article {Vo,
    AUTHOR = {Vojt{\v{e}}chovsk{\'y}, Petr},
     TITLE = {Toward the classification of {M}oufang loops of order 64},
   JOURNAL = {European J. Combin.},
  FJOURNAL = {European Journal of Combinatorics},
    VOLUME = {27},
      YEAR = {2006},
    NUMBER = {3},
     PAGES = {444--460},
      ISSN = {0195-6698},
   MRCLASS = {20N05},
  MRNUMBER = {2206479 (2006k:20136)},
MRREVIEWER = {Orin Chein},
       DOI = {10.1016/j.ejc.2004.10.003},
       URL = {http://dx.doi.org/10.1016/j.ejc.2004.10.003},
}

\bibitem[22]{Wi}
R.~L.~Wilson,~Jr.
\newblock {\it Quasidirect products of quasigroups}, Comm. Algebra {3} (1975),
835--850.

@article {Wi,
    AUTHOR = {Wilson, Jr., Robert L.},
     TITLE = {Quasidirect products of quasigroups},
   JOURNAL = {Comm. Algebra},
  FJOURNAL = {Communications in Algebra},
    VOLUME = {3},
      YEAR = {1975},
    NUMBER = {9},
     PAGES = {835--850},
      ISSN = {0092-7872},
   MRCLASS = {20N05},
  MRNUMBER = {0376937 (51 \#13112)},
MRREVIEWER = {D. A. Robinson},
}

\end{thebibliography}
