



@article{ B,
  author =           {Benard, M.},
  title =            {Schur indices and cyclic defect groups},
  journal =          {Ann. of Math. (2)},
  volume =           {103},
  number =           {2},
  year =             {1976},
  pages =            {283{\textendash}304},
  fjournal =         {Annals of Mathematics. Second series.},
  issn =             {0003-486X},
  mrclass =          {20C20},
  mrnumber =         {MR0412265 (54 \#391)},
  mrreviewer =       {W. Feit},
  printedkey =       {Ben76}
}
@article{ BS,
  author =           {Benard, M. and Schacher, M.},
  title =            {The Schur subgroup. II.},
  journal =          {J. Algebra},
  volume =           {22},
  number =           {1},
  year =             {1972},
  pages =            {378{\textendash}385},
  fjournal =         {Journal of Algebra},
  issn =             {0021-8693},
  mrclass =          {20C05 (16A26)},
  mrnumber =         {MR0302747 (46 \#1890)},
  mrreviewer =       {T.V. Fossum},
  printedkey =       {BS72}
}
@article{ BR,
  author =           {Broche, O. and del R{\a'\i}o, {\a'A}.},
  title =            {Wedderburn decomposition of finite group algebras},
  journal =          {Finite Fields Appl.},
  volume =           {13},
  number =           {1},
  year =             {2007},
  pages =            {71{\textendash}79},
  fjournal =         {Finite Fields and their Applications},
  issn =             {1071-5797},
  mrclass =          {16S34},
  mrnumber =         {MR2284667 (2007m:16027)},
  mrreviewer =       {E. Jespers},
  printedkey =       {BR07}
}
@article{ J,
  author =           {Janusz, G.},
  title =            {Generators  for  the  Schur  group  of local and global
                      number fields},
  journal =          {Pacific J. Math.},
  volume =           {56},
  number =           {2},
  year =             {1975},
  pages =            {525{\textendash}546},
  fjournal =         {Pacific Journal of Mathematics},
  issn =             {0030-8730},
  mrclass =          {12A60 (12A65 20C05)},
  mrnumber =         {MR0389849 (52 \#10679)},
  mrreviewer =       {M. Benard},
  printedkey =       {Jan75}
}
@book{ N,
  author =           {Navarro, G.},
  title =            {Characters and Blocks of Finite Groups},
  publisher =        {London Mathematical Society},
  series =           {Lecture Note Series},
  volume =           {250},
  address =          {Cambridge, UK},
  year =             {1998},
  pages =            {x+287},
  isbn =             {0-521-59513-4},
  mrclass =          {20C20 (20-02 20C15)},
  mrnumber =         {MR1632299 (2000a:20018)},
  mrreviewer =       {Wolfgang Willems},
  printedkey =       {Nav98}
}
@article{ OR,
  author =           {Olivieri, A. and del R{\a'\i}o, {\a'A}.},
  title =            {An   algorithm   to   compute   the  primitive  central
                      idempotents  and  the  {W}edderburn  decomposition of a
                      rational group algebra},
  journal =          {J. Symbolic Comput.},
  volume =           {35},
  number =           {6},
  year =             {2003},
  pages =            {673{\textendash}687},
  fjournal =         {Journal of Symbolic Computation},
  issn =             {0747-7171},
  mrclass =          {16S34 (68W30)},
  mrnumber =         {MR1981041 (2004k:16073)},
  mrreviewer =       {E. Jespers},
  printedkey =       {OR03}
}
@article{ ORS,
  author =           {Olivieri, A. and del R{\a'\i}o, {\a'A}. and Sim{\a'o}n,
                      J. J.},
  title =            {On  monomial  characters  and  central  idempotents  of
                      rational group algebras},
  journal =          {Comm. Algebra},
  volume =           {32},
  number =           {4},
  year =             {2004},
  pages =            {1531{\textendash}1550},
  coden =            {COALDM},
  fjournal =         {Communications in Algebra},
  issn =             {0092-7872},
  mrclass =          {16S34 (16U99 20C05)},
  mrnumber =         {MR2100373 (2005i:16054)},
  mrreviewer =       {E. Jespers},
  printedkey =       {ORS04}
}
@article{ O,
  author =           {Olteanu, G.},
  title =            {Computing   the  {W}edderburn  decomposition  of  group
                      algebras by the {B}rauer-{W}itt theorem},
  journal =          {Math. Comp.},
  volume =           {76},
  number =           {258},
  year =             {2007},
  pages =            {1073{\textendash}1087 (electronic)},
  coden =            {MCMPAF},
  fjournal =         {Mathematics of Computation},
  issn =             {0025-5718},
  mrclass =          {16S34 (20C15)},
  mrnumber =         {MR2291851},
  mrreviewer =       {E. Jespers},
  printedkey =       {Olt07}
}
@article{ OV,
  author =           {Olteanu, G. and Van Gelder, I.},
  title =            {Finite  group  algebras of nilpotent groups: A complete
                      set of orthogonal primitive idempotents},
  journal =          {Finite Fields Appl.},
  volume =           {17},
  number =           {2},
  year =             {2011},
  pages =            {157{\textendash}165},
  printedkey =       {OG11}
}
@article{ OV2,
  author =           {Olteanu, G. and Van Gelder, I.},
  title =            {Construction of minimal non-abelian left group codes},
  year =             {preprint},
  printedkey =       {OGnt}
}
@book{ P,
  author =           {Passman, D. S.},
  title =            {Infinite crossed products},
  publisher =        {Academic Press Inc.},
  series =           {Pure and Applied Mathematics},
  volume =           {135},
  address =          {Boston, MA},
  year =             {1989},
  pages =            {xii+468},
  isbn =             {0-12-546390-1},
  mrclass =          {16-02 (16A03 16A27 20C07)},
  mrnumber =         {MR979094 (90g:16002)},
  mrreviewer =       {Martin Lorenz},
  printedkey =       {Pas89}
}
@book{ Pi,
  author =           {Pierce, R. S.},
  title =            {Associative Algebras},
  publisher =        {Springer Verlag},
  series =           {Graduate Texts in Mathematics},
  volume =           {88},
  address =          {New York - Berlin},
  year =             {1982},
  pages =            {xii+436},
  isbn =             {0-387-90693-2},
  mrclass =          {16-01 (12-01)},
  mrnumber =         {MR0674652 (84c:16001)},
  mrreviewer =       {S.S. Page},
  printedkey =       {Pie82}
}
@book{ R,
  author =           {Reiner, I.},
  title =            {Maximal orders},
  publisher =        {The Clarendon Press Oxford University Press},
  series =           {London Mathematical Society Monographs. New Series},
  volume =           {28},
  address =          {Oxford},
  year =             {2003},
  pages =            {xiv+395},
  note =             {Corrected reprint of the 1975 original, With a foreword
                      by M. J. Taylor},
  isbn =             {0-19-852673-3},
  mrclass =          {16H05 (11R54 16K20)},
  mrnumber =         {MR1972204 (2004c:16026)},
  printedkey =       {Rei03}
}
@article{ RSch,
  author =           {Riese, U. and Schmid, P.},
  title =            {Schur indices and Schur groups, II},
  journal =          {J. Algebra},
  volume =           {182},
  number =           {1},
  year =             {1996},
  pages =            {183{\textendash}200},
  fjournal =         {Journal of Algebra},
  issn =             {0021-8693},
  mrclass =          {20C15 (20C11)},
  mrnumber =         {MR1388863 (97e:20009)},
  mrreviewer =       {Alexandre Turull},
  printedkey =       {RS96}
}
@article{ Sch,
  author =           {Schmid, P.},
  title =            {Schur indices and Schur groups},
  journal =          {J. Algebra},
  volume =           {169},
  number =           {15},
  year =             {1994},
  pages =            {226{\textendash}247},
  fjournal =         {Journal of Algebra},
  issn =             {0021-8693},
  mrclass =          {20C15},
  mrnumber =         {MR1296591 (95i:20012)},
  mrreviewer =       {W. Feit},
  printedkey =       {Sch94}
}
@article{ S,
  author =           {Shoda, K.},
  title =            {{\"U}ber die monomialen {D}arstellungen einer endlichen
                      {G}ruppe},
  journal =          {Proc. Phys.-Math. Soc. Japan},
  volume =           {III},
  number =           {15},
  year =             {1933},
  pages =            {249{\textendash}257},
  printedkey =       {Sho33}
}
@book{ Y,
  author =           {Yamada, T.},
  title =            {The {S}chur subgroup of the {B}rauer group},
  publisher =        {Springer-Verlag},
  address =          {Berlin},
  year =             {1974},
  pages =            {v+159},
  note =             {Lecture Notes in Mathematics, Vol. 397},
  mrclass =          {20C05 (12A60)},
  mrnumber =         {MR0347957 (50 \#456)},
  mrreviewer =       {P. Fong},
  printedkey =       {Yam74}
}
