@mastersthesis{Distler05,
     author  = {Andreas Distler},
     title   = {Ein {A}lgorithmus zum {L}\accent127osen einer 
                {P}olynomgleichung durch {R}adikale},
     school  = {TU Braunschweig},
     year    = 2005,
     type    = {Diplomarbeit},
     note    = {\URL{http://www.icm.tu-bs.de/ag_algebra/software/distler/Diplom.pdf}}
}

@article{Kant,
        author =       {M. Daberkow and C. Fieker and J. Kl\accent127uners and
                        M. Pohst and K. Roegner and K. Wildanger},
        title =        {Kant {V4}},
        journal =      {J. Symb. Comput.},
        volume =       24,
        year =         {1997},
        pages =        {267 -- 283}}

@ARTICLE{Abel26,
  AUTHOR = {Abel, Niels Henrik},
  TITLE = {{B}eweis der {U}nm\accent127oglichkeit, algebraische {G}leichungen von h\accent127oheren
           {G}raden als dem vierten allgemein aufzul\accent127osen},
  JOURNAL = {J. f\accent127ur die reine und angewandte Math. (Crelle's Journal)},
  YEAR = 1826,
  VOLUME = 1,
  PAGES = {65--84}
}

@BOOK{Galois97,
  AUTHOR = {Galois, \'Evariste},
  TITLE = {Oeuvres Math\'ematiques d'\'Evariste Galois},
  PUBLISHER = {Gauthier-Villars},
  YEAR = 1897,
  ADDRESS = {Paris}
}
 
@BOOK{Maple10,
author = {Michael B.~Monagan and Keith O.~Geddes and K.~Michael Heal
and George Labahn and Stefan M.~Vorkoetter and James McCarron and Paul DeMarco},
title = {Maple~10 Programming Guide},
publisher = {Maplesoft}, 
year = {2005},
volume = {},
series = {},
address = {Waterloo ON, Canada},
edition = {},
month = {},
note = {},
key = {},
annote = {In acknowledging any {Maple} work, a statement similar
to the following should be used. (Changes with respect to the
exact use of {Maple} are expected.) ``The computations in this paper
were performed by using Maple${}^\mathrm{TM}$."},
} 
