@article{TCS::Mora1994:131,
	title =        "An introduction to commutative and noncommutative
	{G}r{\"o}bner bases",
	author =       "Teo Mora",
	journal =      "Theoretical Computer Science",
	pages =        "131--173",
	month =        "Nov",
	year =         "1994",
	volume =       "134",
	number =       "1",
}

@article{MR95i:13027,
    AUTHOR = {Mora, Teo},
     TITLE = {An introduction to commutative and noncommutative {G}r{\"o}bner
              bases},
      NOTE = {Second International Colloquium on Words, Languages and
              Combinatorics (Kyoto, 1992)},
   JOURNAL = {Theoret. Comput. Sci.},
  FJOURNAL = {Theoretical Computer Science},
    VOLUME = {134},
      YEAR = {1994},
    NUMBER = {1},
     PAGES = {131--173},
      ISSN = {0304-3975},
     CODEN = {TCSDI},
   MRCLASS = {13P10 (16S36 20M25)},
  MRNUMBER = {95i:13027},
MRREVIEWER = {Franz Pauer},
}


@Inproceedings{Green1997,
	author = "Edward L. Green",
	title = "Noncommutative {G}r{\"o}bner bases and projective resolutions",
	booktitle = "Computational Methods for Representations of Groups and Algebras",
	year = "1999",
	publisher = "Birkh{\"a}user",
	pages = "29-60",
	note = "(Essen 1997)",

}

@Misc{Knopper2004,
	author = "Jan Willem Knopper",
	title = "{GBNP} and vector enumeration",
	howpublished = "Report",
	organization = "{TU}/e",
	year = "2004",
	url = "http://mathdox.org/grobner/knopper.pdf",
	note = "Eindhoven",
}


@Misc{Krook2003,
	author = "Chris Krook",
	title = "Dimensionality of quotient algebras",
	howpublished = "Report",
	organization = "TU/e",
	year = "2003",
	url = "http://mathdox.org/grobner/dqa.pdf",
	note = "Eindhoven",
}

@Misc{CohenGijsbersEtAl2007,
	author = "Arjeh M. Cohen",
	title = "Non-commutative polynomial computations",
	howpublished = "Report",
	organization = "TU/e",
	year = "2007",
	url = "http://mathdox.org/grobner/gbnp.pdf",
	note = "Eindhoven",
}

@Book{CohenCuypersSterk1999,
	  author = "Arjeh M. Cohen and Hans Cuypers and Hans Sterk",
	  title = "Some Tapas of Computer Algebra",
	  publisher = "Springer-Verlag, Heidelberg",
	  series = "Algorithms and Computation in Mathematics",
	  volume = "4",
	  year = "1999",
}

@article{MR93c:20032,
	AUTHOR = {Linton, S. A.},
	TITLE = {Constructing matrix representations of finitely presented groups},
	NOTE = {Computational group theory, Part 2},
	JOURNAL = {J. Symbolic Comput.},
	FJOURNAL = {Journal of Symbolic Computation},
	VOLUME = {12},
	YEAR = {1991},
	NUMBER = {4-5},
	PAGES = {427--438},
	ISSN = {0747-7171},
	MRCLASS = {20C40},
	MRNUMBER = {93c:20032},
	MRREVR = {Gerhard Hiss},
}

@article{MR94k:20022,
	AUTHOR = {Linton, Steve A.},
	TITLE = {On vector enumeration},
	NOTE = {Computational linear algebra in algebraic and related problems (Essen, 1992)},
	JOURNAL = {Linear Algebra Appl.},
	FJOURNAL = {Linear Algebra and its Applications},
	VOLUME = {192},
	YEAR = {1993},
	PAGES = {235--248},
	ISSN = {0024-3795},
	CODEN = {LAAPAW},
	MRCLASS = {20C40 (16-04 20-04 68Q20)},
	MRNUMBER = {94k:20022},
	MRREVR = {Herbert Pahlings},
}

@incollection{MR1360005,
    AUTHOR = {Ufnarovskij, Victor A.},
     TITLE = {Combinatorial and asymptotic methods in algebra [{MR}
              92h:16024]},
 BOOKTITLE = {Algebra, VI},
    SERIES = {Encyclopaedia Math. Sci.},
    VOLUME = {57},
     PAGES = {1--196},
 PUBLISHER = {Springer},
   ADDRESS = {Berlin},
      YEAR = {1995},
   MRCLASS = {16S15 (13D40 16P90 16W50)},
  MRNUMBER = {1 360 005},
}

@article{MR83f:05026,
    AUTHOR = {Ufnarovski\u{\i}, V. A.},
     TITLE = {Criterion for the growth of graphs and algebras given by
              words},
   JOURNAL = {Mat. Zametki},
  FJOURNAL = {Akademiya Nauk Soyuza SSR. Matematicheskie Zametki},
    VOLUME = {31},
      YEAR = {1982},
    NUMBER = {3},
     PAGES = {465--472, 476},
      ISSN = {0025-567X},
   MRCLASS = {05C20 (20M05)},
  MRNUMBER = {83f:05026},
MRREVIEWER = {A. {\'A}d{\'a}m},
}

@article{MR91d:16053,
    AUTHOR = {Ufnarovski\u{\i}, V. A.},
     TITLE = {On the use of graphs for calculating the basis, growth and
              {H}ilbert series of associative algebras},
   JOURNAL = {Mat. Sb.},
  FJOURNAL = {Matematicheski\u\i\ Sbornik},
    VOLUME = {180},
      YEAR = {1989},
    NUMBER = {11},
     PAGES = {1548--1560, 1584},
      ISSN = {0368-8666},
   MRCLASS = {16P90 (05C20 68Q40)},
  MRNUMBER = {91d:16053},
MRREVIEWER = {Jan Okni{\'n}ski},
}

@phdthesis{Graham1995,
    AUTHOR = {Graham, John J.},
     TITLE = {Modular representations of Hecke algebras and related algebras.},
    SCHOOL = {The University of Sydney},
      YEAR = {1995},
     MONTH = {Sep},
}

@article{MR2124811,
    AUTHOR = {Cohen, Arjeh M. and Gijsbers, Di{\'e} A. H. and Wales, David
              B.},
     TITLE = {B{MW} algebras of simply laced type},
   JOURNAL = {J. Algebra},
  FJOURNAL = {Journal of Algebra},
    VOLUME = {286},
      YEAR = {2005},
    NUMBER = {1},
     PAGES = {107--153},
      ISSN = {0021-8693},
     CODEN = {JALGA4},
   MRCLASS = {16S99 (20F36)},
  MRNUMBER = {MR2124811 (2006f:16047)},
MRREVIEWER = {Inna Sysoeva},
}
		
@article{MR2090062,
    AUTHOR = {Baur, Karin and Draisma, Jan},
     TITLE = {Higher secant varieties of the minimal adjoint orbit},
   JOURNAL = {J. Algebra},
  FJOURNAL = {Journal of Algebra},
    VOLUME = {280},
      YEAR = {2004},
    NUMBER = {2},
     PAGES = {743--761},
      ISSN = {0021-8693},
     CODEN = {JALGA4},
   MRCLASS = {14M17 (14L30 14N05)},
  MRNUMBER = {MR2090062 (2005i:14062)},
MRREVIEWER = {Fyodor L. Zak},
}


@MISC{GAPDoc,
        author = "Frank L{\"u}beck and Max Neunh{\"o}ffer",
	title = "{GAPD}oc - a {GAP} package, version 0.99999",
	year = "2006",
	month = "Jan",
        url = "http://www.math.rwth-aachen.de/~Frank.Luebeck/GAPDoc/",
}

@MISC{NMODoc,
        author = "Randall Cone",
	title = "{NMOD}oc - Documentation on the NMO package, version 1.0",
	year = "2010",
	month = "Jan",
        url = "http://www.mathdox.org/grobner/nmo/manual.pdf",
	howpublished = "Report (the package is provided with GBNP from Version 1.0 on)",
}



@book{MR1954121,
    AUTHOR = {Serre, Jean-Pierre},
     TITLE = {Trees},
    SERIES = {Springer Monographs in Mathematics},
      NOTE = {Translated from the French original by John Stillwell,
              Corrected 2nd printing of the 1980 English translation},
 PUBLISHER = {Springer-Verlag},
   ADDRESS = {Berlin},
      YEAR = {2003},
     PAGES = {x+142},
      ISBN = {3-540-44237-5},
   MRCLASS = {20E08 (05C05 20E06 20G25)},
  MRNUMBER = {MR1954121 (2003m:20032)},
}
